@misc{umichControlTutorials,
  author       = {},
  title        = {{C}ontrol {T}utorials for {M}{A}{T}{L}{A}{B} and {S}imulink - {P}{I} {C}ontrol of {D}{C} {M}otor {S}peed --- ctms.engin.umich.edu},
  howpublished = {\url{https://ctms.engin.umich.edu/CTMS/index.php?aux=Activities_DCmotorB}},
  year         = {},
  note         = {[Accessed 01-May-2023]}
}
@article{Virgala2013,
  doi       = {10.12691/ajme-1-1-1},
  url       = {https://doi.org/10.12691/ajme-1-1-1},
  year      = {2013},
  month     = jan,
  publisher = {Science and Education Publishing Co.,  Ltd.},
  volume    = {1},
  number    = {1},
  pages     = {1--5},
  author    = {Ivan Virgala and Peter Frankovsk{\'{y}},  M{\'{a}}ria Kenderov{\'{a}}},
  title     = {Friction Effect Analysis of a {DC} Motor},
  journal   = {American Journal of Mechanical Engineering}
}
@misc{ijsrpStudyNonlinear,
  author       = {},
  title        = { {S}tudy of {N}onlinear {B}ehavior of {D}{C} {M}otor {U}sing {M}odeling and {S}imulation  --- ijsrp.org},
  howpublished = {\url{http://www.ijsrp.org/research-paper-0313.php?rp=P15939}},
  year         = {},
  note         = {[Accessed 01-May-2023]}
}
